@inproceedings{zhao2023automatic,
  title     = {Automatic Timing-Driven Top-Level Hardware Design for Digital Signal Processing},
  author    = {Zhao, Wuqiong and Li, Changhan and Ji, Zhenhao and You, You and You, Xiaohu and Zhang, Chuan},
  booktitle = {2023 {IEEE} 15th International Conference on {ASIC} ({ASICON})},
  year      = {2023},
  month     = oct,
  publisher = {IEEE}
}

@article{zhao2023ompl,
  title     = {{OMPL}-{SBL} Algorithm for Intelligent Reflecting Surface-Aided {mmWave} Channel Estimation},
  author    = {Zhao, Wuqiong and You, You and Zhang, Li and You, Xiaohu and Zhang, Chuan},
  journal   = IEEE_J_VT,
  volume    = {72},
  number    = {11},
  pages     = {15121--15126},
  year      = {2023},
  month     = nov,
  publisher = {IEEE}
}

@article{you2023beam,
  title     = {Beam Pattern and Reflection Pattern Design for Channel Estimation in {RIS}-Assisted Mmwave {MIMO} Systems},
  author    = {You, You and Zhao, Wuqiong and Zhang, Li and You, Xiaohu and Zhang, Chuan},
  journal   = IEEE_J_VT,
  year      = {2023},
  publisher = {IEEE}
}

@article{zhao2023flexible,
  title     = {Flexible High-Level Synthesis Library for Linear Transformations},
  author    = {Zhao, Wuqiong and Li, Changhan and Ji, Zhenhao and Guo, Zhichen and Chen, Xuanbo and You, You and Huang, Yongming and You, Xiaohu and Zhang, Chuan},
  journal   = IEEE_J_CASII_EB,
  year      = {2023},
  published = {IEEE},
  note      = {to be published}
}
